<record><leader>00000cas a22000007a 4500</leader><controlfield tag="001">31430990</controlfield><controlfield tag="008">941109d19141921okuwr n       0    0eng d</controlfield><datafield ind1=" " ind2=" " tag="010"><subfield code="a">sn 94061270 </subfield></datafield><datafield ind1=" " ind2=" " tag="040"><subfield code="a">OBN</subfield><subfield code="b">eng</subfield><subfield code="c">OBN</subfield><subfield code="d">OCL</subfield><subfield code="d">OCLCQ</subfield><subfield code="d">OCLCO</subfield></datafield><datafield ind1="1" ind2=" " tag="029"><subfield code="a">AU@</subfield><subfield code="b">000011358220</subfield></datafield><datafield ind1=" " ind2=" " tag="042"><subfield code="a">msc</subfield></datafield><datafield ind1=" " ind2=" " tag="043"><subfield code="a">n-us-ok</subfield></datafield><datafield ind1="0" ind2=" " tag="130"><subfield code="a">Ames review (Ames, Okla. : 1914)</subfield></datafield><datafield ind1="1" ind2="4" tag="245"><subfield code="a">The Ames review.</subfield></datafield><datafield ind1=" " ind2=" " tag="260"><subfield code="a">Ames, Major County, Okla. :</subfield><subfield code="b">Ed T. Chapman</subfield></datafield><datafield ind1=" " ind2=" " tag="300"><subfield code="a">v.</subfield></datafield><datafield ind1=" " ind2=" " tag="310"><subfield code="a">Weekly</subfield></datafield><datafield ind1="0" ind2=" " tag="362"><subfield code="a">Vol. 1, no. 1 (Sep. 25, 1914)-v.7, no. 48 (Oct 7, 1921).</subfield></datafield><datafield ind1=" " ind2="0" tag="651"><subfield code="a">Ames (Okla.)</subfield><subfield code="v">Newspapers.</subfield></datafield><datafield ind1=" " ind2="0" tag="651"><subfield code="a">Major County (Okla.)</subfield><subfield code="v">Newspapers.</subfield></datafield><datafield ind1=" " ind2=" " tag="752"><subfield code="a">United States</subfield><subfield code="b">Oklahoma</subfield><subfield code="c">Major</subfield><subfield code="d">Ames.</subfield></datafield><datafield ind1="0" ind2="0" tag="785"><subfield code="t">Northwestern Press (Ames, Okla. : 1921)</subfield><subfield code="w">(DLC)sn 94061271</subfield><subfield code="w">(OCoLC)31431034</subfield></datafield></record>